@inproceedings{mainpaper,
    title = "Comparing Feature-Engineering and Feature-Learning Approaches for Multilingual Translationese Classification",
    author = "Pylypenko, Daria  and
      Amponsah-Kaakyire, Kwabena  and
      Dutta Chowdhury, Koel  and
      van Genabith, Josef  and
      Espa{\~n}a-Bonet, Cristina",
    booktitle = "Proceedings of the 2021 Conference on Empirical Methods in Natural Language Processing",
    month = nov,
    year = "2021",
    publisher = "Association for Computational Linguistics",
    url = "https://aclanthology.org/2021.emnlp-main.676",
    doi = "10.18653/v1/2021.emnlp-main.676",
    % pages = "8596--8611",
}

@article{background,
year = {2021},
month = {07},
pages = {},
title = {Progress in Machine Translation},
volume = {18},
journal = {Engineering},
doi = {10.1016/j.eng.2021.03.023}
}

@misc{attention,
      title={Attention Is All You Need}, 
      author={Ashish Vaswani and Noam Shazeer and Niki Parmar and Jakob Uszkoreit and Llion Jones and Aidan N. Gomez and Lukasz Kaiser and Illia Polosukhin},
      year={2017},
      eprint={1706.03762},
      archivePrefix={arXiv},
      primaryClass={cs.CL}
}


@inproceedings{ewicjwnbaixl,
author = {Popescu, Marius},
year = {2011},
month = {01},
pages = {634-639},
title = {Studying Translationese at the Character Level.},
journal = {International Conference Recent Advances in Natural Language Processing, RANLP}
}

@misc{towardsdatascience,
  title = "{BERT Explained: State-of-the-Art Language Model for NLP}",
  author = "{Towards Data Science
Rani Horev}",
  howpublished = "{https://towardsdatascience.com/bert-explained-state-of-the-art-language-model-for-nlp-f8b21a9b6270}",
  note = "{Accessed on 10/05/2023}"
}



